<record><leader>00000cas a22000007a 4500</leader><controlfield tag="001">13209883</controlfield><controlfield tag="008">860228d18961uuucouwr ne      0    0eng d</controlfield><datafield ind1=" " ind2=" " tag="010"><subfield code="a">sn 86063226 </subfield></datafield><datafield ind1=" " ind2=" " tag="040"><subfield code="a">KSH</subfield><subfield code="b">eng</subfield><subfield code="c">KSH</subfield><subfield code="d">NPT</subfield><subfield code="d">CNQ</subfield><subfield code="d">OCLCQ</subfield></datafield><datafield ind1=" " ind2=" " tag="042"><subfield code="a">msc</subfield></datafield><datafield ind1="0" ind2=" " tag="130"><subfield code="a">Weekly star-times (Grand Junction, Colo.)</subfield></datafield><datafield ind1="1" ind2="4" tag="245"><subfield code="a">The Weekly star-times.</subfield></datafield><datafield ind1="1" ind2="3" tag="246"><subfield code="a">Grand Valley star-times</subfield></datafield><datafield ind1=" " ind2=" " tag="260"><subfield code="a">Grand Junction, Mesa County, Colo. :</subfield><subfield code="b">J.S. Swan</subfield></datafield><datafield ind1=" " ind2=" " tag="300"><subfield code="a">v.</subfield></datafield><datafield ind1=" " ind2=" " tag="310"><subfield code="a">Weekly</subfield></datafield><datafield ind1="0" ind2=" " tag="362"><subfield code="a">Vol. 8, no. 17 (Jan. 25, 1896)-</subfield></datafield><datafield ind1=" " ind2=" " tag="530"><subfield code="a">Available on microfilm from the Colorado Historical Society.</subfield></datafield><datafield ind1=" " ind2=" " tag="752"><subfield code="a">United States</subfield><subfield code="b">Colorado</subfield><subfield code="c">Mesa</subfield><subfield code="d">Grand Junction.</subfield></datafield><datafield ind1="0" ind2=" " tag="775"><subfield code="t">Daily star-times</subfield><subfield code="w">(DLC)sn 90051584</subfield></datafield><datafield ind1="0" ind2="0" tag="780"><subfield code="t">Grand Valley star-times</subfield><subfield code="w">(DLC)sn 86063225</subfield></datafield><datafield ind1="1" ind2=" " tag="029"><subfield code="a">AU@</subfield><subfield code="b">000023215736</subfield></datafield></record>